@techreport{rfc6960,
  author = {S. Santesson et al.},
  title = {X.509 Internet Public Key Infrastructure Online Certificate Status Protocol - OCSP},
  institution = {Internet Engineering Task Force},
  type = {RFC},
  number = {6960},
  year = {2013},
  url = {https://datatracker.ietf.org/doc/html/rfc6960}
}

@techreport{rfc5280,
  author = {D. Cooper et al.},
  title = {Internet X.509 Public Key Infrastructure Certificate and Certificate Revocation List (CRL) Profile},
  institution = {Network Working Group},
  type = {RFC},
  number = {5280},
  year = {2008},
  url = {https://datatracker.ietf.org/doc/html/rfc5280}
}